<?xml version="1.0" encoding="UTF-8" ?><marc:collection xmlns:marc="http://www.loc.gov/MARC21/slim" xmlns:xsi="http://www.w3.org/2001/XMLSchema-instance" xsi:schemaLocation="http://www.loc.gov/MARC21/slim http://www.loc.gov/standards/marcxml/schema/MARC21slim.xsd">
<marc:record><marc:leader>02983cam a2200409Ii 4500</marc:leader>
<marc:controlfield tag="001">b14013198</marc:controlfield>
<marc:controlfield tag="003">UaCaAUL</marc:controlfield><marc:controlfield tag="005">20170315105753.0</marc:controlfield><marc:controlfield tag="008">900719s1933    ua            000 0barar </marc:controlfield><marc:datafield tag="010" ind1=" " ind2=" "><marc:subfield code="a">61020364</marc:subfield></marc:datafield><marc:datafield tag="035" ind1=" " ind2=" "><marc:subfield code="a">(OCoLC)22103289</marc:subfield></marc:datafield><marc:datafield tag="040" ind1=" " ind2=" "><marc:subfield code="a">DLC</marc:subfield><marc:subfield code="b">eng</marc:subfield><marc:subfield code="e">rda</marc:subfield><marc:subfield code="c">IXA</marc:subfield><marc:subfield code="d">IXA</marc:subfield><marc:subfield code="d">OCL</marc:subfield><marc:subfield code="d">OCLCG</marc:subfield><marc:subfield code="d">CUY</marc:subfield><marc:subfield code="d">OCLCQ</marc:subfield><marc:subfield code="d">OCLCO</marc:subfield><marc:subfield code="d">OCLCA</marc:subfield><marc:subfield code="d">MEAUC</marc:subfield></marc:datafield><marc:datafield tag="049" ind1=" " ind2=" "><marc:subfield code="a">MAIN</marc:subfield></marc:datafield><marc:datafield tag="050" ind1=" " ind2="4"><marc:subfield code="a">BP80.A93</marc:subfield><marc:subfield code="b">M35 1933</marc:subfield></marc:datafield><marc:datafield tag="050" ind1=" " ind2="4"><marc:subfield code="a">BP80.A9</marc:subfield><marc:subfield code="b">M3 1933</marc:subfield></marc:datafield><marc:datafield tag="066" ind1=" " ind2=" "><marc:subfield code="c">(3</marc:subfield></marc:datafield><marc:datafield tag="090" ind1=" " ind2=" "><marc:subfield code="a">BP80.A9</marc:subfield><marc:subfield code="b">M3 1933</marc:subfield></marc:datafield><marc:datafield tag="245" ind1="0" ind2="0"><marc:subfield code="6">880-01</marc:subfield><marc:subfield code="a">Maḥāsin al-masāʻī fī manāqib al-Imām Abī ʻAmr al-Awzāʻī raḍya Allāh ʻanhu :</marc:subfield><marc:subfield code="b">ʻan nuskhah makhṭūṭah wujidat fī Maktabat Birlīn al-Mulūkīyah /</marc:subfield><marc:subfield code="c">bi-qalam al-shaykh Zayn al-Dīn ibn Taqī al-Dīn ibn ʻAbd al-Raḥmān al-Khaṭīb ghafara Allāh la-hu ; nashara hādhā al-kitāb baʻda tanqīḥahu bi-qalamihi wa-taʻlīq ḥawāshīh wa-taṣdīruhu bi-muqaddimah ʻan al-Imām al-Awzāʻī wa-bi-tarājim al-ʻulamāʼ la-hu ʻaṭūfat al-ustādh al-ʻallāmah al-kabīr al-amīr Shakīb Arslān aḥad aʻḍāʼ al-Majamaʻ al-ʻIlmī al-ʻArabī ʻafā Allāh ʻanhu.</marc:subfield></marc:datafield><marc:datafield tag="264" ind1=" " ind2="1"><marc:subfield code="6">880-02</marc:subfield><marc:subfield code="a">Miṣr :</marc:subfield><marc:subfield code="b">al-Amīr Shakīb Arslān,</marc:subfield><marc:subfield code="c">[1352  [1933]]</marc:subfield></marc:datafield><marc:datafield tag="264" ind1=" " ind2="3"><marc:subfield code="6">880-03</marc:subfield><marc:subfield code="a">Miṣr :</marc:subfield><marc:subfield code="b">ṭubiʻa bi-Maṭbaʻat ʻĪsá al-Bābī al-Ḥalabī wa-shurakāh bi-Miṣr.</marc:subfield></marc:datafield><marc:datafield tag="300" ind1=" " ind2=" "><marc:subfield code="a">166 pages ;</marc:subfield><marc:subfield code="c">20 cm.</marc:subfield></marc:datafield><marc:datafield tag="336" ind1=" " ind2=" "><marc:subfield code="a">text</marc:subfield><marc:subfield code="b">txt</marc:subfield><marc:subfield code="2">rdacontent.</marc:subfield></marc:datafield><marc:datafield tag="337" ind1=" " ind2=" "><marc:subfield code="a">unmediated</marc:subfield><marc:subfield code="b">n</marc:subfield><marc:subfield code="2">rdamedia.</marc:subfield></marc:datafield><marc:datafield tag="338" ind1=" " ind2=" "><marc:subfield code="a">volume</marc:subfield><marc:subfield code="b">nc</marc:subfield><marc:subfield code="2">rdacarrier.</marc:subfield></marc:datafield><marc:datafield tag="500" ind1=" " ind2=" "><marc:subfield code="a">Intruduction dated: 20 Ranīʻ al-Awwal 1352.</marc:subfield></marc:datafield><marc:datafield tag="500" ind1=" " ind2=" "><marc:subfield code="a">&quot;Ḥuqūq al-Ṭabʻ maḥfūẓah lil-nāshir.&quot;</marc:subfield></marc:datafield><marc:datafield tag="600" ind1="1" ind2="0"><marc:subfield code="6">880-04</marc:subfield><marc:subfield code="a">Awzāʻī, ʻAbd al-Raḥmān ibn ʻAmr,</marc:subfield><marc:subfield code="d">706 or 707-773 or 774.</marc:subfield></marc:datafield><marc:datafield tag="700" ind1="1" ind2=" "><marc:subfield code="6">880-05</marc:subfield><marc:subfield code="a">Arslān, Shakīb,</marc:subfield><marc:subfield code="c">Amīr,</marc:subfield><marc:subfield code="d">1869-1946,</marc:subfield><marc:subfield code="e">editor.</marc:subfield></marc:datafield><marc:datafield tag="880" ind1="0" ind2="0"><marc:subfield code="6">245-01/(3/r</marc:subfield><marc:subfield code="a">محاسن المساعي في مناقب الإمام أبي عمرو الأوزاعي رضي الله عنه :</marc:subfield><marc:subfield code="b">عن نسخة مخطوطة وجدت في مكتبة برلين الملوكية /</marc:subfield><marc:subfield code="c">بقلم الشيخ زين الدين بن تقي الدين بن عبد الرحمن الخطيب غفر الله له. نشر هذه الكتاب بعد تنقيحه بقلمه وتعليق حواشيه وتصديره بمقدمة عن الإمام الأوزاعي وبتراجم العلماء له عطوفة الأستاذ العلامة الكبير الأمير شكيب أرسلان أحد أعضاء المجمع العلمي العربي عفا الله عنه..</marc:subfield></marc:datafield><marc:datafield tag="880" ind1=" " ind2="1"><marc:subfield code="6">264-02/(3/r</marc:subfield><marc:subfield code="a">مصر :</marc:subfield><marc:subfield code="b">الأمير شكيب أرسلان،</marc:subfield><marc:subfield code="c">[1352 [1933]]</marc:subfield></marc:datafield><marc:datafield tag="880" ind1=" " ind2="3"><marc:subfield code="6">264-03/(3/r</marc:subfield><marc:subfield code="a">مصر :</marc:subfield><marc:subfield code="b">طبع بمطبعة عيسى البابي الحلبي وشركاه بمصر..</marc:subfield></marc:datafield><marc:datafield tag="880" ind1="1" ind2="0"><marc:subfield code="6">600-04/(3/r</marc:subfield><marc:subfield code="a">أوزاعي، عبد الرحمن بن عمرو،</marc:subfield><marc:subfield code="d">706 أو 707-773 أو  774.</marc:subfield></marc:datafield><marc:datafield tag="880" ind1="1" ind2=" "><marc:subfield code="6">700-05/(3/r</marc:subfield><marc:subfield code="a">أرسلان، شكيب،</marc:subfield><marc:subfield code="c">أمير،</marc:subfield><marc:subfield code="d">1869-1946,</marc:subfield><marc:subfield code="e">editor.</marc:subfield></marc:datafield><marc:datafield tag="907" ind1=" " ind2=" "><marc:subfield code="a">.b14013198</marc:subfield><marc:subfield code="b">main </marc:subfield></marc:datafield><marc:datafield tag="902" ind1=" " ind2=" "><marc:subfield code="a">170420</marc:subfield></marc:datafield><marc:datafield tag="998" ind1=" " ind2=" "><marc:subfield code="b">1</marc:subfield><marc:subfield code="c">071008</marc:subfield><marc:subfield code="d">m</marc:subfield><marc:subfield code="e">a</marc:subfield><marc:subfield code="f">-</marc:subfield><marc:subfield code="g">0</marc:subfield><marc:subfield code="k">TA</marc:subfield></marc:datafield><marc:datafield tag="945" ind1=" " ind2=" "><marc:subfield code="l">main </marc:subfield></marc:datafield></marc:record>
</marc:collection>
